@inproceedings{goodall2005user,
	title={User requirements and design of a visualization for intrusion detection analysis},
	author={Goodall, John R},
	booktitle={Information Assurance Workshop, 2005. IAW'05. Proceedings from the Sixth Annual IEEE SMC},
	pages={394--401},
	year={2005},
	organization={IEEE}
}

@article{zuech2015intrusion,
	title={Intrusion detection and Big Heterogeneous Data: a Survey},
	author={Zuech, Richard and Khoshgoftaar, Taghi M and Wald, Randall},
	journal={Journal of Big Data},
	volume={2},
	number={1},
	pages={1--41},
	year={2015},
	publisher={Springer}
}

@incollection{brahmi2012towards,
	title={Towards a multiagent-based distributed intrusion detection system using data mining approaches},
	author={Brahmi, Imen and Yahia, Sadok Ben and Aouadi, Hamed and Poncelet, Pascal},
	booktitle={Agents and Data Mining Interaction},
	pages={173--194},
	year={2012},
	publisher={Springer}
}

@article{shiravi2012survey,
	title={A survey of visualization systems for network security},
	author={Shiravi, Hadi and Shiravi, Ali and Ghorbani, Ali and others},
	journal={Visualization and Computer Graphics, IEEE Transactions on},
	volume={18},
	number={8},
	pages={1313--1329},
	year={2012},
	publisher={IEEE}
}

@article{laftah2015hybrid,
	title={Hybrid Modified-Means with C4. 5 for Intrusion Detection Systems in Multiagent Systems},
	author={Laftah Al-Yaseen, Wathiq and Ali Othman, Zulaiha and Ahmad Nazri, Mohd Zakree},
	journal={The Scientific World Journal},
	volume={2015},
	year={2015},
	publisher={Hindawi Publishing Corporation}
}

@article{herrero2009movih,
	title={MOVIH-IDS: A mobile-visualization hybrid intrusion detection system},
	author={Herrero, {\'A}lvaro and Corchado, Emilio and Pellicer, Mar{\'\i}a A and Abraham, Ajith},
	journal={Neurocomputing},
	volume={72},
	number={13},
	pages={2775--2784},
	year={2009},
	publisher={Elsevier}
}

@techreport{anderson1980computer,
	title={Computer security threat monitoring and surveillance},
	author={Anderson, James P},
	year={1980},
	institution={Technical report, James P. Anderson Company, Fort Washington, Pennsylvania}
}

@article{denning1987intrusion,
 author = {Denning, Dorothy E.},
 title = {An Intrusion-Detection Model},
 journal = {IEEE Trans. Softw. Eng.},
 issue_date = {February 1987},
 volume = {13},
 number = {2},
 month = feb,
 year = {1987},
 issn = {0098-5589},
 pages = {222--232},
 numpages = {11},
 url = {http://dx.doi.org/10.1109/TSE.1987.232894},
 doi = {10.1109/TSE.1987.232894},
 acmid = {22862},
 publisher = {IEEE Press},
 address = {Piscataway, NJ, USA},
 keywords = {Abnormal behavior, auditing, intrusions, monitoring, profiles, security, statistical measures, statistical measures, Abnormal behavior, auditing, intrusions, monitoring, profiles, security},
} 

@book{dua2011data,
	title={Data mining and machine learning in cybersecurity},
	author={Dua, Sumeet and Du, Xian},
	year={2011},
	publisher={CRC press}
}

@inproceedings{yen2013beehive,
	title={Beehive: Large-scale log analysis for detecting suspicious activity in enterprise networks},
	author={Yen, Ting-Fang and Oprea, Alina and Onarlioglu, Kaan and Leetham, Todd and Robertson, William and Juels, Ari and Kirda, Engin},
	booktitle={Proceedings of the 29th Annual Computer Security Applications Conference},
	pages={199--208},
	year={2013},
	organization={ACM}
}

@inproceedings{zomlot2013aiding,
	title={Aiding intrusion analysis using machine learning},
	author={Zomlot, Loai and Chandran, Saravanan and Caragea, Doina and Ou, Xinming},
	booktitle={Machine Learning and Applications (ICMLA), 2013 12th International Conference on},
	volume={2},
	pages={40--47},
	year={2013},
	organization={IEEE}
}

@article{helmer2003lightweight,
	title={Lightweight agents for intrusion detection},
	author={Helmer, Guy and Wong, Johnny SK and Honavar, Vasant and Miller, Les and Wang, Yanxin},
	journal={Journal of systems and Software},
	volume={67},
	number={2},
	pages={109--122},
	year={2003},
	publisher={Elsevier}
}

@incollection{palomo2009self,
	title={A Self-Organized Multiagent System for Intrusion Detection},
	author={Palomo, Esteban J and Dom{\'\i}nguez, Enrique and Luque, Rafael M and Mu{\~n}oz, Jose},
	booktitle={Agents and Data Mining Interaction},
	pages={84--94},
	year={2009},
	publisher={Springer}
}

@inproceedings{zhu2006design,
	title={Design of a multi-agent based intelligent intrusion detection system},
	author={Zhu, Xiaodong and Huang, Zhiqiu and Zhou, Hang},
	booktitle={Pervasive Computing and Applications, 2006 1st International Symposium on},
	pages={290--295},
	year={2006},
	organization={IEEE}
}

@inproceedings{hancock2011multi,
	title={Multi agent system for network attack classification using flow-based intrusion detection},
	author={Hancock, David L and Lamont, Gary B},
	booktitle={Evolutionary Computation (CEC), 2011 IEEE Congress on},
	pages={1535--1542},
	year={2011},
	organization={IEEE}
}

@inproceedings{kumar2013scalable,
	title={Scalable intrusion detection systems log analysis using cloud computing infrastructure},
	author={Kumar, Manoj and Hanumanthappa, M},
	booktitle={Computational Intelligence and Computing Research (ICCIC), 2013 IEEE International Conference on},
	pages={1--4},
	year={2013},
	organization={IEEE}
}

@inproceedings{kiss2014data,
	title={Data clustering-based anomaly detection in industrial control systems},
	author={Kiss, Istvan and Genge, Bela and Haller, Piroska and Sebestyen, Gheorghe},
	booktitle={Intelligent Computer Communication and Processing (ICCP), 2014 IEEE International Conference on},
	pages={275--281},
	year={2014},
	organization={IEEE}
}

@article{suthaharan2014big,
	title={Big data classification: Problems and challenges in network intrusion prediction with machine learning},
	author={Suthaharan, Shan},
	journal={ACM SIGMETRICS Performance Evaluation Review},
	volume={41},
	number={4},
	pages={70--73},
	year={2014},
	publisher={ACM}
}

@techreport{schales2011stream,
	title={Stream Computing for Large-Scale, Multi-Channel Cyber Threat Analytics: Architecture, Implementation, Deployment, and Lessons Learned},
	author={Schales, Douglas L and Christodorescu, Mihai and Rao, Josyula R and Sailer, Reiner and Stoecklin, Marc Ph and Venema, Wietse},
	year={2011},
	institution={IBM Research Report}
}

@incollection{smith2008using,
	title={Using unsupervised learning for network alert correlation},
	author={Smith, Reuben and Japkowicz, Nathalie and Dondo, Maxwell and Mason, Peter},
	booktitle={Advances in Artificial Intelligence},
	pages={308--319},
	year={2008},
	publisher={Springer}
}

@article{stroeh2013approach,
	title={An approach to the correlation of security events based on machine learning techniques},
	author={Stroeh, Kleber and Madeira, Edmundo Roberto Mauro and Goldenstein, Siome Klein},
	journal={Journal of Internet Services and Applications},
	volume={4},
	number={1},
	pages={1--16},
	year={2013},
	publisher={Springer}
}

@inproceedings{nagappan2010abstracting,
	title={Abstracting log lines to log event types for mining software system logs},
	author={Nagappan, Meiyappan and Vouk, Mladen and others},
	booktitle={Mining Software Repositories (MSR), 2010 7th IEEE Working Conference on},
	pages={114--117},
	year={2010},
	organization={IEEE}
}

@incollection{matos2010environment,
	title={An environment for data analysis in biomedical domain: information extraction for decision support systems},
	author={Matos, Pablo F and Lombardi, Leonardo O and Pardo, Thiago AS and Ciferri, Cristina DA and Vieira, Marina TP and Ciferri, Ricardo R},
	booktitle={Trends in Applied Intelligent Systems},
	pages={306--316},
	year={2010},
	publisher={Springer}
}

@INPROCEEDINGS{duque2012processo,
	author = {Juliana Lilian Duque and Pablo Freire Matos and and Cristina Dutra Aguiar Ciferri and Thiago Alexandre Salgueiro Pardo and Ricardo Rodrigues Ciferri},
	year = {2011},  
	title = {Um processo baseado em parárafos para a extração de tratamentos em artigos científicos do domínio biomédico},
	booktitle = {Symposium in Information and Human Language Technology (STIL)},
	location = {Cuiabá, Mato Grosso},
	publisher = {Symposium in Information and Human Language Technology},
	edition  = {8th},
	pages = {1-10},
	url = {http://pablofmatos.pro.br/site/files/paper/2011-STIL-DuqueEtAl.pdf}
}

@inproceedings{yang2010alerts,
	title={Alerts analysis and visualization in network-based intrusion detection systems},
	author={Yang, Li and Gasior, Wade and Katipally, Rajeshwar and Cui, Xiaohui},
	booktitle={Social Computing (SocialCom), 2010 IEEE Second International Conference on},
	pages={785--790},
	year={2010},
	organization={IEEE}
}

@article{lesser1999cooperative,
	title={Cooperative multiagent systems: A personal view of the state of the art},
	author={Lesser, Victor R},
	journal={Knowledge and Data Engineering, IEEE Transactions on},
	volume={11},
	number={1},
	pages={133--142},
	year={1999},
	publisher={IEEE}
}

@article{zhao2013idsradar,
	title={IDSRadar: a real-time visualization framework for IDS alerts},
	author={Zhao, Ying and Zhou, FangFang and Fan, XiaoPing and Liang, Xing and Liu, YongGang},
	journal={Science China Information Sciences},
	volume={56},
	number={8},
	pages={1--12},
	year={2013},
	publisher={Springer}
}

@article{big2013big,
	title={Big data analytics for security intelligence},
	author={Big Data Working Group and others},
	journal={Cloud Security Alliance},
	year={2013}
}

@inproceedings{nassar2013secure,
	title={Secure outsourcing of network flow data analysis},
	author={Nassar, Mohamed and al Bouna, Bechara and Malluhi, Qutaibah},
	booktitle={Big Data (BigData Congress), 2013 IEEE International Congress On},
	pages={431--432},
	year={2013},
	organization={IEEE}
}
 
@article{ganapathy2012intelligent,
  title={Intelligent agent-based intrusion detection system using enhanced multiclass SVM},
  author={Ganapathy, S and Yogesh, P and Kannan, A},
  journal={Computational intelligence and neuroscience},
  volume={2012},
  pages={9},
  year={2012},
  publisher={Hindawi Publishing Corp.}
}

@mastersthesis{li2013automatic,
   author = {Li, Weixi},
   institution = {Uppsala University, Department of Information Technology},
   school = {Uppsala University, Department of Information Technology},
   title = {Automatic Log Analysis using Machine Learning : Awesome Automatic Log Analysis version 2.0},
   series = {IT},
   number = {13 080},
   year = {2013}
}

@article{joseph2012machine,
	title={Machine Learning Methods for Computer Security},
	author={Joseph, Anthony D and Laskov, Pavel and Roli, Fabio and Tygar, J Doug and Nelson, Blaine},
	journal={Machine Learning Methods for Computer Security, Dagstuhl Manifestos},
	volume={3},
	number={1},
	pages={1--30},
	year={2012}
}

@inproceedings{souag2012ontologies,
	title={Ontologies for security requirements: A literature survey and classification},
	author={Souag, Amina and Salinesi, Camille and Comyn-Wattiau, Isabelle},
	booktitle={Advanced Information Systems Engineering Workshops},
	pages={61--69},
	year={2012},
	organization={Springer}
}

@article{patel2013intrusion,
	title={An intrusion detection and prevention system in cloud computing: A systematic review},
	author={Patel, Ahmed and Taghavi, Mona and Bakhtiyari, Kaveh and J{\'u}nior, Joaquim Celestino},
	journal={Journal of Network and Computer Applications},
	volume={36},
	number={1},
	pages={25--41},
	year={2013},
	publisher={Elsevier}
}

@incollection{sadighian2014ontids,
	title={ONTIDS: A Highly Flexible Context-Aware and Ontology-Based Alert Correlation Framework},
	author={Sadighian, Alireza and Fernandez, Jos{\'e} M and Lemay, Antoine and Zargar, Saman T},
	booktitle={Foundations and Practice of Security},
	pages={161--177},
	year={2014},
	publisher={Springer}
}

@inproceedings{marchal2014big,
	title={A Big Data Architecture for Large Scale Security Monitoring},
	author={Marchal, Samuel and Jiang, Xiuyan and State, Radu and Engel, Thomas},
	booktitle={Big Data (BigData Congress), 2014 IEEE International Congress on},
	pages={56--63},
	year={2014},
	organization={IEEE}
}

@inproceedings{kotenko2012ontological,
	title={The ontological approach for siem data repository implementation},
	author={Kotenko, Igor and Polubelova, Olga and Saenko, Igor},
	booktitle={Green Computing and Communications (GreenCom), 2012 IEEE international conference on},
	pages={761--766},
	year={2012},
	organization={IEEE}
}

@book{white2012hadoop,
	title={Hadoop: The definitive guide},
	author={White, Tom},
	year={2012},
	publisher={O'Reilly Media, Inc.}
}

@inproceedings{zaharia2010spark,
	title={Spark: cluster computing with working sets},
	author={Zaharia, Matei and Chowdhury, Mosharaf and Franklin, Michael J and Shenker, Scott and Stoica, Ion},
	booktitle={Proceedings of the 2nd USENIX conference on Hot topics in cloud computing},
	volume={10},
	pages={10},
	year={2010}
}

@inproceedings{engler2012shark,
	title={Shark: fast data analysis using coarse-grained distributed memory},
	author={Engle, Cliff and Lupher, Antonio and Xin, Reynold and Zaharia, Matei and Franklin, Michael J and Shenker, Scott and Stoica, Ion},
	booktitle={Proceedings of the 2012 ACM SIGMOD International Conference on Management of Data},
	pages={689--692},
	year={2012},
	organization={ACM}
}

@inproceedings{zaharia2012discretized,
	title={Discretized streams: an efficient and fault-tolerant model for stream processing on large clusters},
	author={Zaharia, Matei and Das, Tathagata and Li, Haoyuan and Shenker, Scott and Stoica, Ion},
	booktitle={Proceedings of the 4th USENIX conference on Hot Topics in Cloud Ccomputing},
	pages={10--10},
	year={2012},
	organization={USENIX Association}
}

@article{panait2005cooperative,
	title={Cooperative multi-agent learning: The state of the art},
	author={Panait, Liviu and Luke, Sean},
	journal={Autonomous Agents and Multi-Agent Systems},
	volume={11},
	number={3},
	pages={387--434},
	year={2005},
	publisher={Kluwer Academic Publishers}
}

@article{yap2012daily,
	title={Daily maximum load forecasting of consecutive national holidays using OSELM-based multi-agents system with weighted average strategy},
	author={Yap, Keem Siah and Yap, Hwa Jen},
	journal={Neurocomputing},
	volume={81},
	pages={108--112},
	year={2012},
	publisher={Elsevier}
}

@article{fernandez2013undesired,
	title={Undesired state-action prediction in multi-agent reinforcement learning for linked multi-component robotic system control},
	author={Fernandez-Gauna, Borja and Marques, Ion and Gra{\~n}a, Manuel},
	journal={Information Sciences},
	volume={232},
	pages={309--324},
	year={2013},
	publisher={Elsevier}
}

@inproceedings{roesch1999snort,
	author = {Roesch, Martin},
	title = {Snort - Lightweight Intrusion Detection for Networks},
	booktitle = {Proceedings of the 13th USENIX Conference on System Administration},
	series = {LISA '99},
	year = {1999},
	location = {Seattle, Washington},
	pages = {229--238},
	numpages = {10},
	url = {http://dl.acm.org/citation.cfm?id=1039834.1039864},
	acmid = {1039864},
	publisher = {USENIX Association},
	address = {Berkeley, CA, USA},
} 

@inproceedings{agrawal1994fast,
	title={Fast algorithms for mining association rules},
	author={Agrawal, Rakesh and Srikant, Ramakrishnan and others},
	booktitle={Proc. 20th int. conf. very large data bases, VLDB},
	volume={1215},
	pages={487--499},
	year={1994}
}

@manual{apache:storm,
	author = "{Apache Software Foundation}",
	title = {Apache Storm},
	date = {2015-12-06},
	year = 2015,
	note = {https://storm.apache.org/, acessado em 27/10/2015}
}

@manual{apache:hadoop,
	author = "{Apache Software Foundation}",
	title = {Welcome to Apache Hadoop},
	date = {2015-10-27},
	note = {https://hadoop.apache.org/, acessado em 27/10/2015},
	year = 2015
}

@manual{incidentes2015incidentes,
	author = "{CERT.br}",
	year = 2015,
	title = {Estatísticas dos Incidentes Reportados}, 
	note = {http://www.cert.br/stats/incidentes/, acessado em 27/10/2015}
}

@INPROCEEDINGS{ester1996density,
	author = {Martin Ester and Hans-peter Kriegel and J�rg Sander and Xiaowei Xu},
	title = {A density-based algorithm for discovering clusters in large spatial databases with noise},
	booktitle = {KDD},
	year = {1996},
	pages = {226--231},
	volume={96},
	publisher = {AAAI Press}
}

@article{ball1967clustering,
	title={A clustering technique for summarizing multivariate data},
	author={Ball, Geoffrey H and Hall, David J},
	journal={Behavioral science},
	volume={12},
	number={2},
	pages={153--155},
	year={1967},
	publisher={Wiley Online Library}
}

@book{quinlan1993programs,
	author = {Quinlan, J. Ross},
	title = {C4.5: Programs for Machine Learning},
	year = {1993},
	isbn = {1-55860-238-0},
	publisher = {Morgan Kaufmann Publishers Inc.},
	address = {San Francisco, CA, USA},
} 

@book{kohonen1989self,
	author = {Kohonen, T.},
	title = {Self-organization and Associative Memory: 3rd Edition},
	year = {1989},
	isbn = {0-387-51387-6},
	publisher = {Springer-Verlag New York, Inc.},
	address = {New York, NY, USA},
} 

@article{prakhar2012log,
	chapter = {Online Exclusive},
	edition = {1},
	title = {Log {Management}: {A} {Pragmatic} {Approach} to {PCI} {DSS}},
	language = {English},
	journal = {ISACA Journal},
	author = {Prakhar, Srivastava and Verma, Tarun},
	year = {2012}
}

@book{bird2009natural,
	author = {Steven Bird and Ewan Klein and Edward Loper},
	title = {{Natural Language Processing with Python}},
	publisher = {O'Reilly Media},
	year = 2009,
	url={http://www.nltk.org/book/}
}

@book{manning2008introduction,
	title={Introduction to information retrieval},
	author={Manning, Christopher D and Raghavan, Prabhakar and Sch{\"u}tze, Hinrich and others},
	volume={1},
	year={2008},
	publisher={Cambridge university press Cambridge},
	url={http://nlp.stanford.edu/IR-book/}
}

@article{xu2008mining,
	title={Mining Console Logs for Large-Scale System Problem Detection.},
	author={Xu, Wei and Huang, Ling and Fox, Armando and Patterson, David A and Jordan, Michael I},
	journal={SysML},
	volume={8},
	pages={4--4},
	year={2008}
}

@inproceedings{xu2009detecting,
	title={Detecting large-scale system problems by mining console logs},
	author={Xu, Wei and Huang, Ling and Fox, Armando and Patterson, David and Jordan, Michael I},
	booktitle={Proceedings of the ACM SIGOPS 22nd symposium on Operating systems principles},
	pages={117--132},
	year={2009},
	organization={ACM}
}

@article{pedregosa2008scikitlearn,
	title={Scikit-learn: Machine Learning in {P}ython},
	author={Pedregosa, F. and Varoquaux, G. and Gramfort, A. and Michel, V.
	and Thirion, B. and Grisel, O. and Blondel, M. and Prettenhofer, P.
	and Weiss, R. and Dubourg, V. and Vanderplas, J. and Passos, A. and
	Cournapeau, D. and Brucher, M. and Perrot, M. and Duchesnay, E.},
	journal={Journal of Machine Learning Research},
	volume={12},
	pages={2825--2830},
	year={2011}
}

@online{w3techs-osusage,
	author = {W3Techs},
	title = {Usage of operating systems for websites},
	date = {2016-04-09},
	urldate = {2016-04-09},
	url = {http://w3techs.com/technologies/overview/operating_system/all},
	year=2016,
	
}

@online{mlsecproject,
	author = {Alex Pinto},
	title ={MLSec Project},
	url = {http://www.mlsecproject.org/},
	year = 2016,
	date = {2016-07-12},
	urldate = {2016-07-12},
}
	

@article{jiang2008automated,
	author = {Jiang, Zhen Ming and Hassan, Ahmed E. and Hamann, Gilbert and Flora, Parminder},
	title = {An Automated Approach for Abstracting Execution Logs to Execution Events},
	journal = {J. Softw. Maint. Evol.},
	issue_date = {July 2008},
	volume = {20},
	number = {4},
	month = jul,
	year = {2008},
	issn = {1532-060X},
	pages = {249--267},
	numpages = {19},
	url = {http://dx.doi.org/10.1002/smr.v20:4},
	doi = {10.1002/smr.v20:4},
	acmid = {1400158},
	publisher = {John Wiley \& Sons, Inc.},
	address = {New York, NY, USA},
	keywords = {clone detection, dynamic analysis, execution logs},
}

@INPROCEEDINGS{vaarandi2003data,
	author={R. Vaarandi},
	booktitle={IP Operations Management, 2003. (IPOM 2003). 3rd IEEE Workshop on},
	title={A data clustering algorithm for mining patterns from event logs},
	year={2003},
	pages={119-126},
	keywords={data mining;pattern clustering;software tools;telecommunication computing;telecommunication network management;data clustering algorithm;data mining;event logs;log file data sets;network management;pattern mining;simple log file clustering tool;syslog protocol;system management;Association rules;Clustering algorithms;Data engineering;Data mining;Databases;Event detection;Fault detection;Monitoring;Pattern matching;Protocols},
	doi={10.1109/IPOM.2003.1251233},
	month={Oct},}

@inbook{brugger2001data, 
	place={United States}, 
	title={Data Mining for Security Information: A Survey}, 
	url={http://www.osti.gov/scitech/servlets/purl/15005288},  
	author={Brugger, S T and Kelley, M and Sumikawa, K and Wakumoto, S}, 
	year={2001}, 
	month={Apr}
	}
	
@ARTICLE{miranskyy2016data, 
	author={A. Miranskyy and A. Hamou-Lhadj and E. Cialini and A. Larsson}, 
	journal={IEEE Software}, 
	title={Operational-Log Analysis for Big Data Systems: Challenges and Solutions}, 
	year={2016}, 
	volume={33}, 
	number={2}, 
	pages={52-59}, 
	keywords={Big Data;middleware;security of data;BDS-generated log analysis;Big Data systems;database management;distributed computing nodes;hardware components;middleware;operational profile customization;operational-log analysis;runtime-data analysis;security breach detection;software components;software engineering;testing process improvement;Big data;Computer security;Distributed databases;Software development;Software engineering;Tracking;big data;software development;software engineering;software tracing and logging}, 
	doi={10.1109/MS.2016.33}, 
	ISSN={0740-7459}, 
	month={Mar},}	

@article{oliner2012advances,
	author = {Oliner, Adam and Ganapathi, Archana and Xu, Wei},
	title = {Advances and Challenges in Log Analysis},
	journal = {Commun. ACM},
	issue_date = {February 2012},
	volume = {55},
	number = {2},
	month = feb,
	year = {2012},
	issn = {0001-0782},
	pages = {55--61},
	numpages = {7},
	url = {http://doi.acm.org/10.1145/2076450.2076466},
	doi = {10.1145/2076450.2076466},
	acmid = {2076466},
	publisher = {ACM},
	address = {New York, NY, USA},
} 


@book{jackson2002natural,
	title = "Natural language processing for online applications : text retrieval, extraction, and categorization",
	author = "Jackson, Peter and Moulinier, Isabelle",
	series = "Natural language processing",
	publisher = "J. Benjamins",
	address = "Amsterdam, Philadelphia",
	url = "http://opac.inria.fr/record=b1098800",
	isbn = "90-272-4988-1",
	year = 2002
}

@ARTICLE{cambria2014jumping, 
	author={E. Cambria and B. White}, 
	journal={IEEE Computational Intelligence Magazine}, 
	title={Jumping NLP Curves: A Review of Natural Language Processing Research [Review Article]}, 
	year={2014}, 
	volume={9}, 
	number={2}, 
	pages={48-57}, 
	keywords={Internet;natural language processing;search engines;Google;NLP research evolution;NLP technology;Webpages;automatic human language analysis;automatic human language representation;batch processing;business management;computational techniques;jumping NLP curves;marketing prediction;natural language processing research;natural language understanding;pragmatics curve;punch cards;semantics curve;syntactics curve;Knowledge based systems;Natural language processing;Pragmatics;Semantics;Syntactics}, 
	doi={10.1109/MCI.2014.2307227}, 
	ISSN={1556-603X}, 
	month={May},}

@article{feldman2013techniques,
	author = {Feldman, Ronen},
	title = {Techniques and Applications for Sentiment Analysis},
	journal = {Commun. ACM},
	issue_date = {April 2013},
	volume = {56},
	number = {4},
	month = apr,
	year = {2013},
	issn = {0001-0782},
	pages = {82--89},
	numpages = {8},
	url = {http://doi.acm.org/10.1145/2436256.2436274},
	doi = {10.1145/2436256.2436274},
	acmid = {2436274},
	publisher = {ACM},
	address = {New York, NY, USA},
} 
